<record><leader>00000cas a22000007a 4500</leader><controlfield tag="001">16619467</controlfield><controlfield tag="008">870831d18891893ohudr ne      0    0eng d</controlfield><datafield ind1=" " ind2=" " tag="010"><subfield code="a">sn 87076570 </subfield></datafield><datafield ind1=" " ind2=" " tag="040"><subfield code="a">ONP</subfield><subfield code="b">eng</subfield><subfield code="c">ONP</subfield><subfield code="d">OCLCQ</subfield></datafield><datafield ind1=" " ind2=" " tag="042"><subfield code="a">msc</subfield></datafield><datafield ind1="0" ind2="4" tag="245"><subfield code="a">The Lima daily times.</subfield></datafield><datafield ind1=" " ind2=" " tag="260"><subfield code="a">Lima, Ohio :</subfield><subfield code="b">Times-Democrat Pub. Co.,</subfield><subfield code="c">1889-1893.</subfield></datafield><datafield ind1=" " ind2=" " tag="310"><subfield code="a">Daily</subfield></datafield><datafield ind1="0" ind2=" " tag="362"><subfield code="a">Vol. 5, no. 90 (Feb. 4, 1889)-v. 9, no. 141 (Mar. 31, 1893).</subfield></datafield><datafield ind1=" " ind2=" " tag="752"><subfield code="a">United States</subfield><subfield code="b">Ohio</subfield><subfield code="c">Allen</subfield><subfield code="d">Lima.</subfield></datafield><datafield ind1="0" ind2="0" tag="780"><subfield code="t">Lima daily Democratic times</subfield><subfield code="w">(DLC)sn 87076569</subfield></datafield><datafield ind1="0" ind2="0" tag="785"><subfield code="t">Lima Times-Democrat (Lima, Ohio : 1893)</subfield><subfield code="w">(DLC)sn 87076571</subfield></datafield></record>